@article{witten1984nab,
  title={{Non-abelian bosonization in two dimensions}},
  author={Witten, E.},
  journal={Communications in Mathematical Physics},
  volume={92},
  number={4},
  pages={455--472},
  year={1984},
  publisher={Springer}
}
@article{lyakhovsky1996rra,
  title={{Recursion relations and branching rules for simple Lie algebras}},
  author={Lyakhovsky, VD and Melnikov, S.Y. and others},
  journal={Journal of Physics A-Mathematical and General},
  volume={29},
  number={5},
  pages={1075--1088},
  year={1996},
  publisher={[London]: The Institute of Physics, 1975-c2006.},
  eprint = 	 {q-alg/9505006}
}
@Unpublished{lyakhovsky2007dub,
  author = 	 {Lyakhovsky},
  title = 	 {Recurrent properties of affine Lie algebra representations},
  note = 	 {Supersymmetry and Quantum Symmetry, Dubna},
  key = 	 {},
  month = 	 {August},
  year = 	 {2007},
  annote = 	 {}
}

@article{ilyin812pbc,
  title={{On a property of branching coefficients for affine Lie algebras}},
  author={Ilyin, M. and Kulish, P. and Lyakhovsky, V.},
  journal={Algebra i Analiz, to appear, arXiv},
  volume={812},
  archivePrefix = {arXiv},
  eprint = 	 {0812.2124},
  primaryClass = {math.RT}

}
@article{kulish4sfa,
  title={{String Functions for Affine Lie Algebras Integrable Modules}},
  author={Kulish, P. and Lyakhovsky, V.},
  journal={Symmetry, Integrability and Geometry: Methods and Applications},
  volume={4},
  archivePrefix = {arXiv},
  eprint = 	 {0812.2381},
  primaryClass = {math.RT}

}
@book{difrancesco1997cft,
  title={{Conformal field theory}},
  author={Di Francesco, P. and Mathieu, P. and Senechal, D.},
  year={1997},
  publisher={Springer}
}
@article{belavin1984ics,
  title={{Infinite conformal symmetry in two-dimensional quantum field theory}},
  author={Belavin, AA and Polyakov, AM and Zamolodchikov, AB},
  journal={Nuclear Physics},
  volume={241},
  pages={333--380},
  year={1984}
}
@article{ginsparg1988acf,
  title={{Applied conformal field theory}},
  author={Ginsparg, P.},
  journal={Arxiv preprint hep-th/9108028},
  year={1988},
  eprint = 	 {hep-th/9108028}

}

@article{gaberdiel2000icf,
  title={{An introduction to conformal field theory}},
  author={Gaberdiel, M.R.},
  journal={Reports on Progress in Physics},
  volume={63},
  number={4},
  pages={607--668},
  year={2000},
  publisher={London, The Institute of Physics.},
  eprint = 	 {hep-th/9910156}

}
@Article{Walton:1999xc,
     author    = "Walton, Mark",
     title     = "{Affine Kac-Moody algebras and the Wess-Zumino-Witten
                  model}",
     year      = "1999",
     eprint    = "hep-th/9911187",
     archivePrefix = "arXiv",
     SLACcitation  = "%%CITATION = HEP-TH/9911187;%%"
}
@Article{Aharony:1999ti,
     author    = "Aharony, Ofer and Gubser, Steven S. and Maldacena, Juan
                  Martin and Ooguri, Hirosi and Oz, Yaron",
     title     = "{Large N field theories, string theory and gravity}",
     journal   = "Phys. Rept.",
     volume    = "323",
     year      = "2000",
     pages     = "183-386",
     eprint    = "hep-th/9905111",
     archivePrefix = "arXiv",
     doi       = "10.1016/S0370-1573(99)00083-6",
     SLACcitation  = "%%CITATION = HEP-TH/9905111;%%"
}
@Article{D'Hoker:2002aw,
     author    = "D'Hoker, Eric and Freedman, Daniel Z.",
     title     = "{Supersymmetric gauge theories and the AdS/CFT
                  correspondence}",
     year      = "2002",
     eprint    = "hep-th/0201253",
     archivePrefix = "arXiv",
     SLACcitation  = "%%CITATION = HEP-TH/0201253;%%"
}
@Article{Maldacena:2001km,
     author    = "Maldacena, Juan Martin and Ooguri, Hirosi",
     title     = "{Strings in AdS(3) and the SL(2,R) WZW model. III:
                  Correlation  functions}",
     journal   = "Phys. Rev.",
     volume    = "D65",
     year      = "2002",
     pages     = "106006",
     eprint    = "hep-th/0111180",
     archivePrefix = "arXiv",
     doi       = "10.1103/PhysRevD.65.106006",
     SLACcitation  = "%%CITATION = HEP-TH/0111180;%%"
}

@Article{Maldacena:2001ky,
     author    = "Maldacena, Juan Martin and Moore, Gregory Winthrop and
                  Seiberg, Nathan",
     title     = "{Geometrical interpretation of D-branes in gauged WZW
                  models}",
     journal   = "JHEP",
     volume    = "07",
     year      = "2001",
     pages     = "046",
     eprint    = "hep-th/0105038",
     archivePrefix = "arXiv",
     SLACcitation  = "%%CITATION = HEP-TH/0105038;%%"
}

@Article{Maldacena:2000kv,
     author    = "Maldacena, Juan Martin and Ooguri, Hirosi and Son, John",
     title     = "{Strings in AdS(3) and the SL(2,R) WZW model. II: Euclidean
                  black hole}",
     journal   = "J. Math. Phys.",
     volume    = "42",
     year      = "2001",
     pages     = "2961-2977",
     eprint    = "hep-th/0005183",
     archivePrefix = "arXiv",
     doi       = "10.1063/1.1377039",
     SLACcitation  = "%%CITATION = HEP-TH/0005183;%%"
}

@Article{Maldacena:2000hw,
     author    = "Maldacena, Juan Martin and Ooguri, Hirosi",
     title     = "{Strings in AdS(3) and SL(2,R) WZW model. I}",
     journal   = "J. Math. Phys.",
     volume    = "42",
     year      = "2001",
     pages     = "2929-2960",
     eprint    = "hep-th/0001053",
     archivePrefix = "arXiv",
     doi       = "10.1063/1.1377273",
     SLACcitation  = "%%CITATION = HEP-TH/0001053;%%"
}
@book{wakimoto2001idl,
  title={{Infinite-dimensional Lie algebras}},
  author={Wakimoto, M.},
  year={2001},
  publisher={American Mathematical Society}
}
@book{kac1990idl,
  title={{Infinite dimensional Lie algebras}},
  author={Kac, V.G.},
  year={1990},
  publisher={Cambridge University Press}
}
@article{stembridge1995mps,
  title={{A Maple package for symmetric functions}},
  author={Stembridge, J.R.},
  journal={Journal of Symbolic Computation},
  volume={20},
  number={5-6},
  pages={755--758},
  year={1995},
  publisher={Elsevier},
  url={http://www.math.lsa.umich.edu/~jrs/maple.html}
}

@article{vanleeuwen1994lsp,
  title={{LiE, a software package for Lie group computations}},
  author={Van Leeuwen, MAA},
  journal={Euromath Bull},
  volume={1},
  number={2},
  pages={83--94},
  year={1994},
  url={http://www-math.univ-poitiers.fr/~maavl/LiE/}
}
@article{fischbacher2002ilp,
  title={{Introducing LambdaTensor1. 0-A package for explicit symbolic and numeric Lie algebra and Lie group calculations}},
  author={Fischbacher, T.},
  journal={Arxiv preprint hep-th/0208218},
  year={2002}
}
@book{kass1990ala,
  title={{Affine Lie algebras, weight multiplicities, and branching rules}},
  author={Kass, S. and Moody, RV and Patera, J. and Slansky, R.},
  year={1990},
  publisher={Sl}
}
@InProceedings{Nazarov2008,
  author = 	 {Nazarov, A.},
  title = 	 {Comparison of algorithms for construction of representations of Lie algebras},
  year = 	 2008,
  series = 	 {Physics and Progress},
  organization = {SPbSU},
  booktitle = 	 {Physics and Progress},
  url={http://anton_nazarov.fatal.ru/static/articles/2008/physics-and-progress/article.pdf}
}
@Article{Fuchs:1996dd,
     author    = "Fuchs, J. and Schellekens, A. N. and Schweigert, C.",
     title     = "{A matrix S for all simple current extensions}",
     journal   = "Nucl. Phys.",
     volume    = "B473",
     year      = "1996",
     pages     = "323-366",
     eprint    = "hep-th/9601078",
     archivePrefix = "arXiv",
     doi       = "10.1016/0550-3213(96)00247-7",
     SLACcitation  = "%%CITATION = HEP-TH/9601078;%%",
  url = 	 {http://www.nikhef.nl/~t58/kac.html}
}


@Article{Polyakov:1970xd,
     author    = "Polyakov, Alexander M.",
     title     = "{Conformal symmetry of critical fluctuations}",
     journal   = "JETP Lett.",
     volume    = "12",
     year      = "1970",
     pages     = "381-383",
     SLACcitation  = "%%CITATION = JTPLA,12,381;%%"
}
