/home/anton/science/Articles/AffineLieAlgebras/Bibliography/bibliography.bib