/home/anton/study/2010/Articles/AffineLieAlgebras/Bibliography/bibliography.bib