/home/nazarov/science/Articles/AffineLieAlgebras/Bibliography/bibliography.bib