@article{witten1989quantum,
  title={{Quantum field theory and the Jones polynomial}},
  author={Witten, E.},
  journal={Communications in Mathematical Physics},
  volume={121},
  number={3},
  pages={351--399},
  year={1989},
  publisher={Springer}
}
@book{hu2001lecture,
  title={{Lecture notes on Chern-Simons-Witten theory}},
  author={Hu, S.},
  year={2001},
  publisher={World Scientific}
}
@article{blau1993derivation,
  title={{Derivation of the Verlinde formula from Chern-Simons theory and the G/G model}},
  author={Blau, M. and Thompson, G.},
  journal={Nuclear Physics B},
  volume={408},
  number={2},
  pages={345--390},
  year={1993},
  publisher={Elsevier}
}
@article{axelrod1991geometric,
  title={{Geometric quantization of Chern-Simons gauge theory}},
  author={Axelrod, S.E.},
  year={1991}
}
