* Conformal Field Theory
*** Fundamental papers
***** TODO One of the old papers on conformal invariace
******* TODO Find file Polyakov:1970xd
      @Article{Polyakov:1970xd,
       	 author    = "Polyakov, Alexander M.",
       	 title     = "{Conformal symmetry of critical fluctuations}",
       	 journal   = "JETP Lett.",
       	 volume    = "12",
       	 year      = "1970",
       	 pages     = "381-383",
       	 SLACcitation  = "%%CITATION = JTPLA,12,381;%%"
	 }

***** TODO First paper on two-dimensional CFT
      [[file:~/books/big/science/CompleteBooks/CFT/BelavinPloyakovZamolodchikov_CFT(1984).pdf][file]] 
      @article{belavin1984ics,
	title={{Infinite conformal symmetry in two-dimensional quantum field theory}},
	author={Belavin, AA and Polyakov, AM and Zamolodchikov, AB},
	journal={Nuclear Physics},
	volume={241},
	pages={333--380},
	year={1984}
	}
***** WZW-models
******* WZW-term proposed, connection with flavours and so on
	[[file:~/books/big/science/CompleteBooks/CFT/Witten_1984.pdf][Witten_1984.pdf]]
	Also everything is discussed in Walton's review
	
      @article{witten1984nab,
        title={{Non-abelian bosonization in two dimensions}},
        author={Witten, E.},
        journal={Communications in Mathematical Physics},
        volume={92},
        number={4},
        pages={455--472},
        year={1984},
        publisher={Springer}
      }
*** Review papers
***** DiFrancesco book
      [[file:~/books/big/science/CompleteBooks/CFT/Di%20Francesco%20P.%20Mathieu%20P.%20Senechal%20D.%20Conformal%20field%20theory.djvu][Di Francesco P. Mathieu P. Senechal D. Conformal field theory.djvu]]

      @book{difrancesco1997cft,
        title={{Conformal field theory}},
        author={Di Francesco, P. and Mathieu, P. and Senechal, D.},
        year={1997},
        publisher={Springer}
      }
***** Walton on WZW-models and affine Lie algebras
      [[file:~/books/big/science/CompleteBooks/CFT/Walton_AffineKacMoodyAlgebrasAndWZWModels(hep-th_9911187v1).pdf][file]]
      @Article{Walton:1999xc,
	author    = "Walton, Mark",
	title     = "{Affine Kac-Moody algebras and the Wess-Zumino-Witten model}",
	year      = "1999",
	eprint    = "hep-th/9911187",
	archivePrefix = "arXiv",
	SLACcitation  = "%%CITATION = HEP-TH/9911187;%%"
      }
***** [[file:~/books/big/science/CompleteBooks/CFT/Ginsparg_AppliedCFT(hep-th_9108028).pdf][Ginsparg "Applied CFT"]]
      @article{ginsparg1988acf,
        title={{Applied conformal field theory}},
        author={Ginsparg, P.},
        journal={Arxiv preprint hep-th/9108028},
        year={1988},
        eprint = 	 {hep-th/9108028}
      
      }
***** [[file:~/books/big/science/CompleteBooks/CFT/Gaberdiel_IntroToCFT(hep-th_9910156).pdf][Gaberdiel_IntroToCFT(hep-th_9910156).pdf]]
      Very mathematical, but useful
      
      @article{gaberdiel2000icf,
        title={{An introduction to conformal field theory}},
        author={Gaberdiel, M.R.},
        journal={Reports on Progress in Physics},
        volume={63},
        number={4},
        pages={607--668},
        year={2000},
        publisher={London, The Institute of Physics.},
        eprint = 	 {hep-th/9910156}
      
      }
* AdS/CFT correspondence
*** Reviews and introduction
***** TODO [[file:~/books/big/science/CompleteBooks/CFT/Aharony,%20Gubser,%20Maldacena,%20Ooguri,%20Oz.%20Large%20N%20field%20theories,%20string%20theory%20and%20gravity%20(PR323,%202000)(204s).pdf][Aharony, Gubser, Maldacena, Ooguri, Oz. Large N field theories, string theory and gravity]]
      Big classical review 
      @Article{Aharony:1999ti,
       	   author    = "Aharony, Ofer and Gubser, Steven S. and Maldacena, Juan
		      	Martin and Ooguri, Hirosi and Oz, Yaron",
       	   title     = "{Large N field theories, string theory and gravity}",
       	   journal   = "Phys. Rept.",
       	   volume    = "323",
       	   year      = "2000",
       	   pages     = "183-386",
       	   eprint    = "hep-th/9905111",
       	   archivePrefix = "arXiv",
       	   doi       = "10.1016/S0370-1573(99)00083-6",
       	   SLACcitation  = "%%CITATION = HEP-TH/9905111;%%"
      }
***** TODO Another review/lectures (D'Hooker)
      [[file:~/books/big/science/CompleteBooks/CFT/hep-th0201253_(Hoker,Freedman,AdS-CFT%20Lectures).pdf][hep-th0201253_(Hoker,Freedman,AdS-CFT Lectures).pdf]]
      @Article{D'Hoker:2002aw,
       	   author    = "D'Hoker, Eric and Freedman, Daniel Z.",
       	   title     = "{Supersymmetric gauge theories and the AdS/CFT
		      	correspondence}",
       	   year      = "2002",
       	   eprint    = "hep-th/0201253",
       	   archivePrefix = "arXiv",
       	   SLACcitation  = "%%CITATION = HEP-TH/0201253;%%"
      }
*** TODO AdS/CFT and WZW
    @Article{Maldacena:2001km,
       	 author    = "Maldacena, Juan Martin and Ooguri, Hirosi",
       	 title     = "{Strings in AdS(3) and the SL(2,R) WZW model. III:
		      Correlation  functions}",
       	 journal   = "Phys. Rev.",
       	 volume    = "D65",
       	 year      = "2002",
       	 pages     = "106006",
       	 eprint    = "hep-th/0111180",
       	 archivePrefix = "arXiv",
       	 doi       = "10.1103/PhysRevD.65.106006",
       	 SLACcitation  = "%%CITATION = HEP-TH/0111180;%%"
    }
    
    @Article{Maldacena:2001ky,
       	 author    = "Maldacena, Juan Martin and Moore, Gregory Winthrop and
		      Seiberg, Nathan",
       	 title     = "{Geometrical interpretation of D-branes in gauged WZW
		      models}",
       	 journal   = "JHEP",
       	 volume    = "07",
       	 year      = "2001",
       	 pages     = "046",
       	 eprint    = "hep-th/0105038",
       	 archivePrefix = "arXiv",
       	 SLACcitation  = "%%CITATION = HEP-TH/0105038;%%"
    }
    
    @Article{Maldacena:2000kv,
       	 author    = "Maldacena, Juan Martin and Ooguri, Hirosi and Son, John",
       	 title     = "{Strings in AdS(3) and the SL(2,R) WZW model. II: Euclidean
		      black hole}",
       	 journal   = "J. Math. Phys.",
       	 volume    = "42",
       	 year      = "2001",
       	 pages     = "2961-2977",
       	 eprint    = "hep-th/0005183",
       	 archivePrefix = "arXiv",
       	 doi       = "10.1063/1.1377039",
       	 SLACcitation  = "%%CITATION = HEP-TH/0005183;%%"
    }
    
    @Article{Maldacena:2000hw,
       	 author    = "Maldacena, Juan Martin and Ooguri, Hirosi",
       	 title     = "{Strings in AdS(3) and SL(2,R) WZW model. I}",
       	 journal   = "J. Math. Phys.",
       	 volume    = "42",
       	 year      = "2001",
       	 pages     = "2929-2960",
       	 eprint    = "hep-th/0001053",
       	 archivePrefix = "arXiv",
       	 doi       = "10.1063/1.1377273",
       	 SLACcitation  = "%%CITATION = HEP-TH/0001053;%%"
    }
* Lie and Kac-Moody algebras
*** Books and classical works
***** Kac
      [[file:~/books/big/science/CompleteBooks/KacMoodyAlgebras/Kac_InfiniteDimensionalLieAlgebras.djvu][file]]
      @book{kac1990idl,
      	title={{Infinite dimensional Lie algebras}},
      	author={Kac, V.G.},
      	year={1990},
      	publisher={Cambridge University Press}
      }

***** Wakimoto
      [[file:~/books/big/science/CompleteBooks/KacMoodyAlgebras/Wakimoto%20M.%20Infinite-dimensional%20Lie%20algebras%20(AMS,%202001)(KA)(ISBN%200821826549)(T)(337s)_MAr_.djvu][First book]]
      [[file:~/books/big/science/CompleteBooks/KacMoodyAlgebras/Minoru%20Wakimoto%20(Author)%20-%20Lectures%20on%20Infinite%20Dimensional%20Lie%20Algebra%20(1Ed,World%20Scientific,2002,9810241283).pdf][Second book]]
      @book{wakimoto2001idl,
	title={{Infinite-dimensional Lie algebras}},
	author={Wakimoto, M.},
	year={2001},
	publisher={American Mathematical Society}
      }
******* TODO Find citation for the second book
***** Kass, Moody, Patera, Slansky book
      [[file:~/study/2008/affine-lie-algebras/book.zip][Volume 1]]
      [[file:~/study/2008/affine-lie-algebras/book][From volume 2]]
      @book{kass1990ala,
        title={{Affine Lie algebras, weight multiplicities, and branching rules}},
        author={Kass, S. and Moody, RV and Patera, J. and Slansky, R.},
        year={1990},
        publisher={Sl}
      }


*** Lyakhovsky 

    @article{lyakhovsky1996rra,
      title={{Recursion relations and branching rules for simple Lie algebras}},
      author={Lyakhovsky, VD and Melnikov, S.Y. and others},
      journal={Journal of Physics A-Mathematical and General},
      volume={29},
      number={5},
      pages={1075--1088},
      year={1996},
      publisher={[London]: The Institute of Physics, 1975-c2006.},
      eprint = 	 {q-alg/9505006}
    }
    @Unpublished{lyakhovsky2007dub,
      author = 	 {Lyakhovsky},
      title = 	 {Recurrent properties of affine Lie algebra representations},
      note = 	 {Supersymmetry and Quantum Symmetry, Dubna},
      key = 	 {},
      month = 	 {August},
      year = 	 {2007},
      annote = 	 {}
    }
    
    @article{ilyin812pbc,
      title={{On a property of branching coefficients for affine Lie algebras}},
      author={Ilyin, M. and Kulish, P. and Lyakhovsky, V.},
      journal={Algebra i Analiz, to appear, arXiv},
      volume={812},
      archivePrefix = {arXiv},
      eprint = 	 {0812.2124},
      primaryClass = {math.RT}
    
    }
    @article{kulish4sfa,
      title={{String Functions for Affine Lie Algebras Integrable Modules}},
      author={Kulish, P. and Lyakhovsky, V.},
      journal={Symmetry, Integrability and Geometry: Methods and Applications},
      volume={4},
      archivePrefix = {arXiv},
      eprint = 	 {0812.2381},
      primaryClass = {math.RT}
    
    }

*** Computational tools
***** Coxeter/Weyl Maple package
      [[file:~/study/2009/Articles/AffineLieAlgebras/MaplePrograms/coxeter.mpl][coxeter.mpl]]
      @article{stembridge1995mps,
        title={{A Maple package for symmetric functions}},
        author={Stembridge, J.R.},
        journal={Journal of Symbolic Computation},
        volume={20},
        number={5-6},
        pages={755--758},
        year={1995},
        publisher={Elsevier},
        url={http://www.math.lsa.umich.edu/~jrs/maple.html}
      }
***** LiE - fast C program for classical Lie groups/algebras
      [[file:~/study/programs/myself/LiE][LiE]]
      [[file:~/study/programs/myself/literateLiE][literateLiE]]
      @article{vanleeuwen1994lsp,
        title={{LiE, a software package for Lie group computations}},
        author={Van Leeuwen, MAA},
        journal={Euromath Bull},
        volume={1},
        number={2},
        pages={83--94},
        year={1994},
        url={http://www-math.univ-poitiers.fr/~maavl/LiE/}
      }
***** Common Lisp package LambdaTensor
      [[file:~/programing/lambdatensor][lambdatensor]]
      @article{fischbacher2002ilp,
        title={{Introducing LambdaTensor1. 0-A package for explicit symbolic and numeric Lie algebra and Lie group calculations}},
        author={Fischbacher, T.},
        journal={Arxiv preprint hep-th/0208218},
        year={2002}
      }
***** Kac program for CFT
      [[file:~/study/programs/myself/KacMan.pdf][KacMan.pdf]]
      [[file:~/study/programs/myself/kac7_linux_basic][Program]]
      @Article{Fuchs:1996dd,
           author    = "Fuchs, J. and Schellekens, A. N. and Schweigert, C.",
           title     = "{A matrix S for all simple current extensions}",
           journal   = "Nucl. Phys.",
           volume    = "B473",
           year      = "1996",
           pages     = "323-366",
           eprint    = "hep-th/9601078",
           archivePrefix = "arXiv",
           doi       = "10.1016/0550-3213(96)00247-7",
           SLACcitation  = "%%CITATION = HEP-TH/9601078;%%",
        url = 	 {http://www.nikhef.nl/~t58/kac.html}
      }

* My papers
*** Physics and progress 2008
    [[file:~/doc/conf/2008/PhysicsAndProgress/article.tex]]
    @InProceedings{Nazarov2008,
      author = 	 {Nazarov, A.},
      title = 	 {Comparison of algorithms for construction of representations of Lie algebras},
      year = 	 2008,
      series = 	 {Physics and Progress},
      organization = {SPbSU},
      booktitle = 	 {Physics and Progress},
      url={http://anton_nazarov.fatal.ru/static/articles/2008/physics-and-progress/article.pdf}
    }
*** ACSM 2009
    [[file:~/study/2009/Articles/AffineLieAlgebras/ACMS2009/article.tex][Article]]
    @Unpublished{NazarovACSM2009,
      author = 	 {Nazarov, A.},
      title = 	 {Computational tools for representation theory of affine Lie algebras}
      year = 	 2009,
      series = 	 {ACSM},
      organization = {SPbSU},
      booktitle = 	 {ACSM},
    }
* To add:
* TODO [[file:~/books/big/science/CompleteBooks/KacMoodyAlgebras/Affine%20Lie%20Algebras%20and%20Quantum%20Groups%20-%20An%20Introduction,%20with%20Applications%20in%20Conformal%20Field%20Theory.djvu][file:~/books/big/science/CompleteBooks/KacMoodyAlgebras/Affine Lie Algebras and Quantum Groups - An Introduction, with Applications in Conformal Field Theory.djvu]]
* TODO [[file:~/books/big/science/CompleteBooks/KacMoodyAlgebras/Carter%20R.%20Lie%20Algebras%20of%20Finite%20and%20Affine%20Type%20(CUP%202005)(ISBN%200521851386)(T)(651s)_MAr_.djvu][Carter R. Lie Algebras of Finite and Affine Type (CUP 2005)(ISBN 0521851386)(T)(651s)_MAr_.djvu]]
* TODO [[file:~/books/big/science/CompleteBooks/KacMoodyAlgebras/D'Hoker,%20Phong%20-%20Lax%20pairs%20and%20affine%20lie%20algebras,%20arxiv%2098.pdf][D'Hoker, Phong - Lax pairs and affine lie algebras, arxiv 98.pdf]]
* TODO [[file:~/books/big/science/CompleteBooks/KacMoodyAlgebras/math.qa02122387(Fusion%20rules%20for%20affine%20Kac-Moody%20algebras).pdf][Fusion rules for affine Kac-Moody algebras]]
* TODO [[file:~/books/big/science/CompleteBooks/CFT/Kohno_-_Conformal_Field_Theory_and_Topology__91s_.pdf][Kohno_-_Conformal_Field_Theory_and_Topology__91s_]]
* TODO [[file:~/books/big/science/CompleteBooks/CFT/Martin%20Shottenholer%20-%20A%20mathematical%20introduction%20to%20CFT.pdf][Martin Shottenholer - A mathematical introduction to CFT]]


