@article{belavin1984ics,
  title={{Infinite conformal symmetry in two-dimensional quantum field theory}},
  author={Belavin, AA and Polyakov, AM and Zamolodchikov, AB},
  journal={Nuclear Physics},
  volume={241},
  pages={333--380},
  year={1984}
}
@book{difrancesco1997cft,
  title={{Conformal field theory}},
  author={Di Francesco, P. and Mathieu, P. and Senechal, D.},
  year={1997},
  publisher={Springer}
}
@article{campuzano1985110,
  title={{Au (110)(1$\times$ 2)-to-(1$\times$ 1) phase transition: a physical realization of the two-dimensional Ising model}},
  author={Campuzano, JC and Foster, MS and Jennings, G. and Willis, RF and Unertl, W.},
  journal={Physical Review Letters},
  volume={54},
  number={25},
  pages={2684--2687},
  year={1985},
  publisher={APS}
}
@Article{Polyakov:1970xd,
 	 author    = "Polyakov, Alexander M.",
 	 title     = "{Conformal symmetry of critical fluctuations}",
 	 journal   = "JETP Lett.",
 	 volume    = "12",
 	 year      = "1970",
 	 pages     = "381-383",
 	 SLACcitation  = "%%CITATION = JTPLA,12,381;%%"
}
@article{smirnov2001critical,
  title={{Critical percolation in the plane: Conformal invariance, Cardy's formula, scaling limits}},
  author={Smirnov, S.},
  journal={Comptes Rendus de l'Acad{\'e}mie des Sciences-Series I-Mathematics},
  volume={333},
  number={3},
  pages={239--244},
  year={2001},
  publisher={Elsevier}
}
@article{smirnov2007conformal,
  title={{Conformal invariance in random cluster models. I. Holomorphic fermions in the Ising model}},
  author={Smirnov, S.},
  journal={arXiv},
  volume={708},
  year={2007}
}

