/home/anton/study/2009/Articles/AffineLieAlgebras/Bibliography/bibliography.bib